@book{hackers_heroes,
  title={{Hackers: Heroes of the Computer Revolution}},
  author={Steven Levy},
  isbn={0-385-19195-2},
  url={http://www.temarium.com/wordpress/wp-content/documentos/Levy_S-Hackers-Heroes-Computer-Revolution.pdf},
  year={1984},
  publisher={Doubleday},
  address = {New York City, United States}
}

@misc{hacker_definition,
title = {{Internet Users' Glossary}},
note = {on-line at: \url{https://tools.ietf.org/html/rfc1392}},
    author = {G. Malkin},
    year = {1993}
}

@book{intrusion,
  title={{The Art of Intrusion}},
  author={Kevin D. Mitnick},
  isbn={0-7645-6959-7},
  url={https://doc.lagout.org/security/John.Wiley.and.Sons.The.Art.of.Intrusion.The.Real.Stories.Behind.the.Exploits.of.Hackers.Intruders.and.Deceivers.Feb.2005.ISBN0764569597.pdf},
  year={2005},
  pages={1--50},
  publisher={John Wiley \& Sons},
  address = {New Jersey, United States}
}

@misc{flame,
title = {{sKyWIper(a.k.a. Flame a.k.a. Flamer): A complex malware for targeted attacks}},
note = {on-line at: \url{https://www.crysys.hu/publications/files/skywiper.pdf}},
    author = {CrySyS Lab, Budapest University of Technology},
    year = {2012}
}

@book{deception,
  title={{The Art of Deception}},
  author={Kevin D. Mitnick, Steve Wozniak},
  isbn={0-471-23712-4},
  year={2002},
  publisher={John Wiley \& Sons},
  address = {New Jersey, United States}
}

@book{laski2009software,
  title={{Software Verification and Analysis}},
  author={Laski, J. and Stanley, W.},
  isbn={9781848822405},
  url={http://books.google.rs/books?id=5hFnaDQ1jiAC},
  year={2009},
  publisher={Springer-Verlag},
  address = {London}
}

@misc{norton_worm,
title = {{What is a computer worm, and how does it work?}},
note = {on-line at: \url{https://us.norton.com/internetsecurity-malware-what-is-a-computer-worm.html}},
    author = {Norton, Symantec Corporation},
    year = {2018}
}

@misc{xss,
title = {{Excess XSS}},
note = {on-line at: \url{https://excess-xss.com/}},
    author = {Jakob Kallin, Irene Lobo Valbuena},
    year = {2016}
}


@book{drivebydownloads,
  title={{Detection of Intrusions and Malware, and Vulnerability Assessment}},
  author={Ulrich Flegel, Danilo Bruschi},
  isbn={3642029175},
  url={https://books.google.rs/books?id=rCUtKsdWP_4C&pg=PA88&dq=Drive+by+downloads&hl=en&sa=X&ved=0ahUKEwjqrc_6u7HhAhVIwqYKHaWxDMIQ6AEILzAB#v=onepage&q=Drive%20by%20downloads&f=false},
  year={2009},
  pages={89--94},
  publisher={Springer},
  address = {Como, Italy}
}


@book{ethics,
  title={{Ethics for the information age}},
  author={Michael J. Quinn},
  isbn={9780133741629 },
  url={https://www.amazon.com/Ethics-Information-Age-Michael-Quinn/dp/0133741621},
  year={2015},
  volume = {6},
  publisher={Pearson Education},
  address = {United States of America}
}

@article{internet_worm,
    author = {Eugene H. Spafford.},
    citeulike-article-id = {47907},
    journal = {Purdue Technical Report},
    keywords = {internet, worm , malware},
    url = {https://spaf.cerias.purdue.edu/tech-reps/823.pdf},
    pages = {2--7},
    title = {{The Internet Worm Program: An Analysis}},
    year = {2004}
}

@article{fake_news,
    author = {Marian-Andrei Rizoiu et al.},
    arXiv = {1802.09808},
    journal = {arxiv.org, Cornell University},
    keywords = {bot, fake_news, election},
    priority = {0},
    title = {{\#DEBATENIGHT: The Role and Influence of Socialbots on Twitter During the 1st 2016 U.S. Presidential Debate}},
    year = {2018}
}

@article{trojanhorse,
    author = {Carl E. Landwehr, Alan R. Bull, John P. McDermot, William S. Chot},
    citeulike-article-id = {203755337},
    journal = {ACM Computing Surveys},
    keywords = {security flaw, error/defect classification, taxonomy},
    volume = {3},
    number = {26},
    note = {on-line at: \url{https://apps.dtic.mil/dtic/tr/fulltext/u2/a465587.pdf}},
    title = {{A Taxonomy of Computer Program Security Flaws, with Examples}},
    year = {1994}
}

@book{hackers_hat,
  title={{Ninja Hacking: Unconventional Penetration Testing Tactics and Techniques}},
  author={Thomas Wilhelm, Jason Andress},
  isbn={9781597495882},
  url={https://books.google.rs/books?id=aVnA8pQmS54C},
  year={2011},
  publisher={Elsevier}
}


@misc{viruses_and_worms,
title = {{Viruses and worms}},
note = {on-line at: \url{https://encyclopedia.kaspersky.com/knowledge/viruses-and-worms/}},
    author = {Eugene Kaspersky}
}

@misc{computer_virus,
title = {{What is a computer virus?}},
note = {on-line at:\url{https://antivirus.comodo.com/blog/computer-safety/what-is-virus-and-its-definition/}},
    author = {Kevin Judge},
    year = {2018}
}

@misc{spyware,
title = {{What is spyware? And how to remove it}},
note = {on-line at:\url{https://us.norton.com/internetsecurity-how-to-catch-spyware-before-it-snags-you.html}},
    author = {Symantec employee},
    year = {2017}
}

@misc{directaction,
title = {{Understanding the Direct Action Virus}},
note = {on-line at:\url{https://www.spamlaws.com/direct-action-virus.html}},
    author = {David E. Sorkin}
}

@misc{botnet,
title = {{Botnet}},
note = {on-line at:\url{https://searchsecurity.techtarget.com/definition/botnet}},
    author = {Margaret Rouse}
}

@misc{overwriting_virus,
title = {{Overwriting viruses}},
note = {on-line at:\url{https://www.virusradar.com/en/glossary/overwriting-viruses}},
author = {Virus Radar}
}

@misc{spacefiller_virus,
title = {{Spacefiller virus}},
note = {on-line at:\url{https://fakehackers.com/spacefiller-virus/}},
year = 2018,
author = {Fakehackers}
}

@misc{tracking_cookies,
title = {{What are tracking cookies}},
note = {on-line at:\url{ https://support.avg.com/SupportArticleView?l=en&urlname=What-are-tracking-cookies}},
author = {AVG Academy}
}